% Encoding: UTF-8

@Article{Campbell2009,
  author    = {Campbell, Joseph P and Shen, Wade and Campbell, William M and Schwartz, Reva and Bonastre, Jean-Francois and Matrouf, Driss},
  title     = {Forensic speaker recognition},
  journal   = {IEEE Signal Processing Magazine},
  year      = {2009},
  volume    = {26},
  number    = {2},
  pages     = {95--103},
  publisher = {IEEE},
}

@Article{Schneider1999,
  author    = {Schneider, Edgar W},
  title     = {Sociolinguistic theory: Linguistic variation and its social significance},
  journal   = {Journal of English Linguistics},
  year      = {1999},
  volume    = {27},
  number    = {1},
  pages     = {49--56},
  publisher = {Sage Publications Sage CA: Thousand Oaks, CA},
}

@InProceedings{Doddington2001,
  author    = {Doddington, George R and others},
  title     = {Speaker recognition based on idiolectal differences between speakers.},
  booktitle = {Interspeech},
  year      = {2001},
  pages     = {2521--2524},
}

@InCollection{Drygajlo2009,
  author    = {Drygajlo, A},
  title     = {Forensic evidence of voice},
  booktitle = {Encyclopedia of biometrics},
  publisher = {Springer, New York},
  year      = {2009},
  pages     = {1388--1395},
}

@Book{Duda2001,
  title     = {Pattern classification},
  publisher = {John Wiley\&Sons},
  year      = {2001},
  author    = {Duda, Richard O and Hart, Peter E and Stork, David G},
  editor    = {John Wiley\&Sons},
  volume    = {35},
  edition   = {2nd edition},
}

@Book{Fant1971,
  title     = {Acoustic theory of speech production: with calculations based on X-ray studies of Russian articulations},
  publisher = {Walter de Gruyter},
  year      = {1971},
  author    = {Fant, Gunnar},
  number    = {2},
}

@Article{Fitch1997,
  author    = {Fitch, W Tecumseh},
  title     = {Vocal tract length and formant frequency dispersion correlate with body size in rhesus macaques},
  journal   = {The Journal of the Acoustical Society of America},
  year      = {1997},
  volume    = {102},
  number    = {2},
  pages     = {1213--1222},
  publisher = {Acoustical Society of America},
}

@Book{Flanagan2013,
  title     = {Speech analysis synthesis and perception},
  publisher = {Springer Science \& Business Media},
  year      = {2013},
  author    = {Flanagan, James L},
  volume    = {3},
}

@Book{Furui2018,
  title     = {Digital speech processing: synthesis, and recognition},
  publisher = {CRC Press},
  year      = {2018},
  author    = {Furui, Sadaoki},
}

@Article{Garellek2022,
  author    = {Garellek, Marc},
  title     = {Theoretical achievements of phonetics in the 21st century: Phonetics of voice quality},
  journal   = {Journal of Phonetics},
  year      = {2022},
  volume    = {94},
  pages     = {101155},
  publisher = {Elsevier},
}

@Article{Gonzalez-Rodriguez2007,
  author    = {Gonzalez-Rodriguez, Joaquin and Rose, Phil and Ramos, Daniel and Toledano, Doroteo T and Ortega-Garcia, Javier},
  title     = {Emulating DNA: Rigorous quantification of evidential weight in transparent and testable forensic speaker recognition},
  journal   = {IEEE Transactions on Audio, Speech, and Language Processing},
  year      = {2007},
  volume    = {15},
  number    = {7},
  pages     = {2104--2115},
  publisher = {IEEE},
}

@Article{Hanson1999,
  author    = {Hanson, Helen M and Chuang, Erika S},
  title     = {Glottal characteristics of male speakers: Acoustic correlates and comparison with female data},
  journal   = {The Journal of the Acoustical Society of America},
  year      = {1999},
  volume    = {106},
  number    = {2},
  pages     = {1064--1077},
  publisher = {Acoustical Society of America},
}

@Article{Hillenbrand1994,
  author    = {Hillenbrand, James and Cleveland, Ronald A and Erickson, Robert L},
  title     = {Acoustic correlates of breathy vocal quality},
  journal   = {Journal of Speech, Language, and Hearing Research},
  year      = {1994},
  volume    = {37},
  number    = {4},
  pages     = {769--778},
  publisher = {ASHA},
}

@InProceedings{Iseli2004,
  author       = {Iseli, Markus and Alwan, Abeer},
  title        = {An improved correction formula for the estimation of harmonic magnitudes and its application to open quotient estimation},
  booktitle    = {2004 IEEE international conference on acoustics, speech, and signal processing},
  year         = {2004},
  volume       = {1},
  pages        = {I--669},
  organization = {IEEE},
}

@Article{Ishihara2021,
  author    = {Ishihara, Shunichi},
  title     = {Score-based likelihood ratios for linguistic text evidence with a bag-of-words model},
  journal   = {Forensic Science International},
  year      = {2021},
  volume    = {327},
  pages     = {110980},
  publisher = {Elsevier},
}

@Article{Kabir2021,
  author    = {Kabir, Muhammad Mohsin and Mridha, Muhammad Firoz and Shin, Jungpil and Jahan, Israt and Ohi, Abu Quwsar},
  title     = {A survey of speaker recognition: Fundamental theories, recognition methods and opportunities},
  journal   = {IEEE Access},
  year      = {2021},
  volume    = {9},
  pages     = {79236--79263},
  publisher = {IEEE},
}

@Article{Kersta1962,
  author    = {Kersta, Lawrence George},
  title     = {Voiceprint identification},
  journal   = {Nature},
  year      = {1962},
  volume    = {196},
  number    = {4861},
  pages     = {1253-1257},
  publisher = {Acoustical Society of America},
}

@Article{Kilbourn-Ceron2021,
  author    = {Kilbourn-Ceron, Oriana and Goldrick, Matthew},
  title     = {Variable pronunciations reveal dynamic intra-speaker variation in speech planning},
  journal   = {Psychonomic Bulletin \& Review},
  year      = {2021},
  volume    = {28},
  number    = {4},
  pages     = {1365--1380},
  publisher = {Springer},
}

@Book{Kreiman2011,
  title     = {Foundations of voice studies: An interdisciplinary approach to voice production and perception},
  publisher = {John Wiley \& Sons},
  year      = {2011},
  author    = {Kreiman, Jody and Sidtis, Diana},
}

@InProceedings{Kreiman2015,
  author    = {Kreiman, Jody and Park, Soo Jin and Keating, Patricia A and Alwan, Abeer},
  title     = {The relationship between acoustic and perceived intraspeaker variability in voice quality},
  booktitle = {Sixteenth Annual Conference of the International Speech Communication Association},
  year      = {2015},
}

@Book{Labov1973,
  title     = {Sociolinguistic patterns},
  publisher = {University of Pennsylvania press},
  year      = {1973},
  author    = {Labov, William},
  number    = {4},
}

@Article{Lavan2019,
  author    = {Lavan, Nadine and Burston, Luke FK and Garrido, L{\'u}cia},
  title     = {How many voices did you hear? Natural variability disrupts identity perception from unfamiliar voices},
  journal   = {British Journal of Psychology},
  year      = {2019},
  volume    = {110},
  number    = {3},
  pages     = {576--593},
  publisher = {Wiley Online Library},
}

@Article{Lee2019,
  author    = {Lee, Yoonjeong and Keating, Patricia and Kreiman, Jody},
  title     = {Acoustic voice variation within and between speakers},
  journal   = {The Journal of the Acoustical Society of America},
  year      = {2019},
  volume    = {146},
  number    = {3},
  pages     = {1568--1579},
  publisher = {AIP Publishing},
}

@Article{Maher2009,
  author    = {Maher, Robert C},
  title     = {Audio forensic examination},
  journal   = {IEEE Signal Processing Magazine},
  year      = {2009},
  volume    = {26},
  number    = {2},
  pages     = {84--94},
  publisher = {IEEE},
}

@Article{McQuisten2009,
  author    = {McQuisten, Kyle A and Peek, Andrew S},
  title     = {Comparing artificial neural networks, general linear models and support vector machines in building predictive models for small interfering RNAs},
  journal   = {PLoS One},
  year      = {2009},
  volume    = {4},
  number    = {10},
  pages     = {e7522},
  publisher = {Public Library of Science San Francisco, USA},
}

@Article{Morrison2009,
  author    = {Morrison, Geoffrey Stewart},
  title     = {Forensic voice comparison and the paradigm shift},
  journal   = {Science \& Justice},
  year      = {2009},
  volume    = {49},
  number    = {4},
  pages     = {298--308},
  publisher = {Elsevier},
}

@Article{Neto2019,
  author  = {Neto, Arlindo Follador and Silva, Adelino Pinheiro and Yehia, Hani Camille},
  title   = {Corpus CEFALA-1: base de dados audiovisual de locutores para estudos de biometria, fon{\'e}tica e fonologia/corpus CEFALA-1: audiovisual database of speakers for biometric, phonetic and phonology studies},
  journal = {Revista de Estudos da Linguagem},
  year    = {2019},
  volume  = {27},
  number  = {1},
  pages   = {191--212},
}

@Article{Saks2008,
  author    = {Saks, Michael J and Koehler, Jonathan J},
  title     = {The individualization fallacy in forensic science evidence},
  journal   = {Vand. L. Rev.},
  year      = {2008},
  volume    = {61},
  pages     = {199},
  publisher = {HeinOnline},
}

@Article{Shannon1948,
  author    = {Shannon, Claude Elwood},
  title     = {A mathematical theory of communication},
  journal   = {The Bell system technical journal},
  year      = {1948},
  volume    = {27},
  number    = {3},
  pages     = {379--423},
  publisher = {Nokia Bell Labs},
}

@Article{silvaa2019avaliaccao,
  author  = {Silva, AP and Vieira, MN and Barbosa, AV},
  title   = {Avalia{\c{c}}{\~a}o de descritores ac{\'u}sticos em simula{\c{c}}{\~a}o de condi{\c{c}}{\~o}es forenses de verifica{\c{c}}{\~a}o de locutor},
  journal = {Revista Brasileira de Crimianl{\'\i}stica},
  year    = {2019},
  volume  = {8},
  number  = {2},
  pages   = {22--35},
}

@PhdThesis{Silva2020,
  author = {Silva, Adelino Pinheiro},
  title  = {Intervalo de evid{\^e}ncia e pareamento fuzzy utilizando rela{\c{c}}{\~a}o sinal ru{\'\i}do aplicados {\`a} compara{\c{c}}{\~a}o forense de locutores},
  school = {Universidade Federal de Minas Gerais},
  year   = {2020},
  type   = {phdthesis},
  month  = may,
}

@InProceedings{Sun2002,
  author       = {Sun, Xuejing},
  title        = {Pitch determination and voice quality analysis using subharmonic-to-harmonic ratio},
  booktitle    = {2002 IEEE international conference on acoustics, speech, and signal processing},
  year         = {2002},
  volume       = {1},
  pages        = {I--333},
  organization = {IEEE},
}

@Article{Sztaho2023,
  author    = {Sztah{\'o}, D{\'a}vid and Fejes, Attila},
  title     = {Effects of language mismatch in automatic forensic voice comparison using deep learning embeddings},
  journal   = {Journal of forensic sciences},
  year      = {2023},
  volume    = {68},
  number    = {3},
  pages     = {871--883},
  publisher = {Wiley Online Library},
}

@Article{Wickham2014,
  author  = {Wickham, Hadley},
  title   = {Tidy data},
  journal = {Journal of statistical software},
  year    = {2014},
  volume  = {59},
  pages   = {1--23},
}

@Article{Wuethrich2019,
  author  = {W{\"u}thrich, Mario V},
  title   = {From generalized linear models to neural networks, and back},
  journal = {SSRN Manuscript ID},
  year    = {2019},
  volume  = {3491790},
}

@Comment{jabref-meta: databaseType:bibtex;}
